@book{CroisilleLebeau,
author = {Croisille, J.-P. and Lebeau, G.},
year = {2000},
month = {01},
pages = {134},
publisher= {Springer},
collection={Lecture notes in mathematics},
title = {Diffraction by an Immersed Elastic Wedge},
volume = {1723}
}

@article {KamotskiLebeau,
	author = {Kamotski, V. V. and Lebeau, G.},
	title = {Diffraction by an elastic wedge with stress-free boundary: existence and uniqueness},
	volume = {462},
	number = {2065},
	pages = {289--317},
	year = {2006},
	publisher = {The Royal Society},
	URL = {http://rspa.royalsocietypublishing.org/content/462/2065/289},
	journal = {Proceedings of the Royal Society of London A: Mathematical, Physical and Engineering Sciences}
}

@article {Sommerfeld,
author = {Sommerfeld, A. A.},
	title = {Asymtotische Darstellung von Formeln aus Beugungstehorie des Lichtes},
	volume = {158},
	pages = {199--208},
	year = {1928},
	journal = {Journal für die reine und angewandte Mathematik.}
}

@book{SMtechnique,
author = {Babich, V. M. and Lyalinov, M. A. and Girkurov, V. E.},
year = {2008},
pages = {215},
publisher= {Alpha Science},
collection={Alpha Science series on wave phenomena},
title = {Diffraction theory: Sommerfeld-Malyuzhinets technique.},
}

@book{Macdo,
author = {Macdonald, H. M.},
year = {1902},
publisher= {Cambridge},
title = {Electric waves : being an Adams prize essay in the University of Cambridge.},
URL={http://hdl.handle.net/2027/hvd.32044080810880}
}

@article{GTD,
author = {Keller, J. B. },
journal = {J. Opt. Soc. Am.},
keywords = {},
number = {2},
pages = {116--130},
publisher = {OSA},
title = {Geometrical Theory of Diffraction$\ast$},
volume = {52},
month = {02},
year = {1962},
URL = {http://www.osapublishing.org/abstract.cfm?URI=josa-52-2-116},
}

@article{GautesenRayleigh,
author={Gautesen, A. K.},
title={Scattering of a {R}ayleigh wave by an elastic wedge whose angle is less than 180°},
journal={Wave Motion},
year={2002},
volume={36},
number={4},
pages={417-424},
URL={http://www.sciencedirect.com/science/article/pii/S0165212502000331}
}

@article{GautesenRayleigh2,
author={Gautesen, A. K.},
title={Scattering of a {R}ayleigh Wave by an Elastic Wedge Whose Angle is Greater Than 180 Degrees},
journal={Journal of Applied Mechanics},
year={2000},
volume={68},
number={3},
pages={476-479},
URL={http://dx.doi.org/10.1115/1.1365156}
}

@article{GautesenRayleigh0,
author={Gautesen, A. K.},
title={Scattering of a Rayleigh Wave by an Elastic Quarter Space},
journal={Journal of Applied Mechanics},
year={1985},
volume={52},
number={3},
pages={664-668}
}

@article{GautesenRayleigh3,
author={Gautesen, A. K.},
title={Scattering of a Rayleigh wave by an elastic quarter space - revisited},
journal={Wave Motion},
volume={35},
number={1},
year={2002},
pages={91-98}
}

@article{GautesenRayleigh4,
author={Gautesen, A. K.},
title={Scattering of an obliquely incident Rayleigh wave in an elastic quarterspace},
year={1986},
journal={Wave Motion},
volume={8},
number={1},
pages={27-41}
}

@article{GautesenLwave,
author={Gautesen, A. K.},
title={Scattering of a plane longitudinal wave by an elastic quarter space},
year={1985},
journal={Wave Motion},
pages={557-568},
volume={7},
number={6}
}

@article{GautesenSHwave,
author={Gautesen, A. K},
title={On scattering of an {SH}-wave by a corner comprised of two different elastic materials},
journal={Mechanics of Materials},
year={2003},
volume={35},
number={3},
pages={407-414}
}

@article{GautesenImpedant,
author={Gautesen, A. K.},
title={Diffraction of plane waves by a wedge with impedance boundary conditions},
journal={Wave Motion},
year={2005},
volume={41},
number={3},
pages={239-246}
}

@article{GautesenNote,
author={Gautesen, A. K.},
title={A note on the diffraction coefficients for elastodynamic diffraction by sharp edges},
journal={Wave Motion},
year={2010},
pages={327-332},
number={5},
volume={47},
}

@ARTICLE{Kouyoumjian,
author={Kouyoumjian, R. G. and Pathak, P. H.},
journal={Proceedings of the IEEE},
title={A uniform geometrical theory of diffraction for an edge in a perfectly conducting surface},
year={1974},
volume={62},
number={11},
pages={1448-1461},
keywords={Acoustic diffraction;Acoustic reflection;Electromagnetic diffraction;Electromagnetic reflection;Electromagnetic scattering;Fresnel reflection;Integral equations;Lighting;Physical theory of diffraction;Surface waves},
ISSN={0018-9219},
month={11}
}

@techreport{PathakKouyou,
author={Pathak, P. H. and Kouyoumjian, R. G.},
title={The dyadic diffraction coefficient for a perfectly conducting wedge},
year={1970},
institution={DTIC}
}

@article{Bo,
title = "Numerical comparison of acoustic wedge models, with application to ultrasonic telemetry",
journal = "Ultrasonics",
volume = "65",
pages = "5 - 9",
year = "2016",
URL = {http://www.sciencedirect.com/science/article/pii/S0041624X15002644},
author = {Lu, B. and Darmon, M. and Fradkin, L. J. and Potel, C.},
}

@book{Bouche,
author= {Bouche, D. and Molinet, F. and Mittra, R.},
title= {Asymptotic Methods in Electromagnetics},
year={1997},
publisher={Springer}
}

@article{Rayleigh,
title = "Rayleigh wave scattering by a wedge",
journal = "Wave Motion",
volume = "22",
number = "3",
pages = "239 - 257",
year = "1995",
URL = {http://www.sciencedirect.com/science/article/pii/016521259500023C},
author = "Budaev, B. V. and Bogy, D. B."
}

@article{Rayleigh2,
title = "Rayleigh wave scattering by a wedge II",
journal = "Wave Motion",
volume = "24",
number = "3",
pages = "307 - 314",
year = "1996",
author = "Budaev, B. V. and Bogy, D. B."
}

@article{Rayleigh3,
title = "Errata to the paper ‘Rayleigh wave scattering by a wedge. II’ [Wave Motion 24 (1996) 307–317]",
journal = "Wave Motion",
volume = "35",
number = "3",
year = "2002",
author = "Budaev, B. V. and Bogy, D. B."
}

@article{KamotskiFradkin,
author = {Kamotski, V. V. and Fradkin, L. Ju. and Samokish, B. A. and Borovikov, V. A. and Babich, V. M.},
title = {On Budaev and Bogy’s Approach to Diffraction by the 2D Traction‐Free Elastic Wedge},
journal = {SIAM Journal on Applied Mathematics},
volume = {67},
number = {1},
pages = {235-259},
year = {2006},
URL = { https://doi.org/10.1137/050637297},
}

@article{GautesenFradkin,
author = {Gautesen, A. K. and Fradkin, L. J.},
year = {2010},
month = {01},
pages = {3065-3085},
title = {Diffraction by a Two-Dimensional Traction-Free Elastic Wedge},
volume = {70},
journal = {SIAM Journal of Applied Mathematics}
}

@book{Ufmi,
author= {Ufimtsev, P.Y.},
title= {Fundamentals of the Physical Theory of Diffraction.},
year={2007},
publisher={John Wiley $\&$ Sons}
}

@article{Zernov,
title = "A refinement of the Kirchhoff approximation to the scattered elastic fields",
journal = "Ultrasonics",
volume = "52",
number = "7",
pages = "830 - 835",
year = "2012",
URL = "http://www.sciencedirect.com/science/article/pii/S0041624X11002149",
author = "Zernov, V. and Fradkin, L. and Darmon, M.",
keywords = "Diffraction, Kirchhoff approximation"
}

@article{Lewis,
title = "Uniform asymptotic theory of edge diffraction",
author = "R.M. Lewis and J. Boersma",
year = "1969",
language = "English",
volume = "10",
pages = "2291--2305",
journal = "Journal of Mathematical Physics",
publisher = "American Institute of Physics Publising LLC",
number = "12",
}

@book{Achenbach,
  title={Ray methods for waves in elastic solids: with applications to scattering by cracks},
  author={Achenbach, J. D. and Gautesen, A. K and McMaken, H.},
  year={1982},
  publisher={Pitman advanced publishing program}
}

@book{Molinet,
author= {Molinet, F.},
title= { Acoustic high-frequency diffraction theory},
year={2011},
publisher={New York: Momentum Press}
}

@article{Pauli,
author = {Clemmow, P. C.},
title = {SOME EXTENSIONS TO THE METHOD OF INTEGRATION BY STEEPEST DESCENTS},
journal = {The Quarterly Journal of Mechanics and Applied Mathematics},
volume = {3},
number = {2},
pages = {241-256},
year = {1950},
URL = {http://dx.doi.org/10.1093/qjmam/3.2.241},
}

@article{Audrey,
author = {Kamta-Djakou, A. and Darmon, M. and Fradkin, L. J. and Potel, C.},
year = {2015},
month = {11},
pages = {3272-3281},
title = {The Uniform geometrical Theory of Diffraction for elastodynamics: Plane wave scattering from a half-plane},
volume = {138},
journal = {The Journal of the Acoustical Society of America}
}

@article{Aristizabal,
title = "Efficient solution for the diffraction of elastic SH waves by a wedge: Performance of various exact, asymptotic and simplified solutions",
journal = "Soil Dynamics and Earthquake Engineering",
volume = "95",
pages = "9 - 16",
year = "2017",
URL = "http://www.sciencedirect.com/science/article/pii/S026772611730091X",
author = "Aristizabal, V. H. and Velez, F. J. and Jaramillo, J. D.",
}

@article{Castro,
title = "Wave diffraction by wedges having arbitrary aperture angle",
journal = "Journal of Mathematical Analysis and Applications",
volume = "421",
number = "2",
pages = "1295 - 1314",
year = "2015",
URL = "http://www.sciencedirect.com/science/article/pii/S0022247X14007355",
author = "L.P. Castro and D. Kapanadze",
}

@article{Aizenberg,
title = "Feasible fundamental solution of the multiphysics wave equation in inhomogeneous domains of complex shape",
journal = "Wave Motion",
volume = "53",
pages = "66 - 79",
year = "2015",
issn = "0165-2125",
doi = "https://doi.org/10.1016/j.wavemoti.2014.11.006",
url = "http://www.sciencedirect.com/science/article/pii/S0165212514001589",
author = "A. M. Aizenberg and A. A. Ayzenberg",
keywords = "Generalized Fermat’s principle, Fundamental solutions, Cascade diffraction",
}

@phdthesis{Ayzenberg,
title={Transmission-propagation operator theory and tip-wave superposition method for sub-salt shadow wavefield description},
school={Norwegian University of Science and Technology},
author={A. A. Ayzenberg}, 
year={2015},
month={10},
}

@book{Klem-Musatov,
author= {K. Klem-Musatov},
title= {Theory of seismic diffractions},
year={1994},
publisher={Society of Exploration Geophysicists},
}

@article{Huang,
title={The linear hyperbolic initial and boundary value problems in a domain with corners},
journal = {Discrete and Continuous Dynamical Systems - Series B},
volume = {19},
number={6},
pages ={1627-1665},
year = {2014},
author = {Huang, A. and Temam, R.},
}

@article{Osher1,
title={Initial-boundary value problems for hyperbolic systems in regions with corners. I},
author={Osher, S.},
journal={Transactions of the American mathematical society},
volume={176},
year={1973},
pages={141--165},
}

@article{Osher2,
title={Initial-boundary value problems for hyperbolic systems in regions with corners. II},
author={Osher, S.},
journal={Transactions of the American mathematical society},
volume={198},
year={1974},
pages={155--175},
}

@book{Pulses,
title={Sound Pulses},
author={Friedlander, F. G.},
year={1958},
publisher={Cambridge Monographs on Mechanics and Applied Mathematics},
}


@article{AchenbachGautesen,
author={Achenbach, J. D. and Gautesen, A. K.},
title={Geometrical Theory of diffraction for three-D elastodynamics},
year={1977},
journal={Journal of the Acoustical Society of America},
volume={62},
number={2},
pages={413-421},
url={http://asa.scitation.org/doi/10.1121/1.381332}
}

@article{ConePhoto,
author={Rahmat-Samii, Y.},
title={GTD, UTD, UAT, and STD: a historical revisit and personal observations},
year={2013},
journal={IEEE Antennas and Propagation Magazine},
volume={55},
number={3},
pages={29-40}
}

@article{Tuzhilin,
author = {Tuzhilin, A. A.},
title = {Asymptotic expansions of solutions of wave diffraction problems in angular and wedge-shaped regions},
journal = {USSR Computational Mathematics and Mathematical Physics},
year = 1970,
number = 1,
volume = 10,
pages = {126-146}
}

@phdthesis{gengembre,
  author       = {N. Gengembre}, 
  title        = {Modélisation du champ ultrasonore rayonné dans un solide anisotrope et hétérogène par un traducteur immergé},
  school       = {Université Paris 7},
  year         = 1999
}

@phdthesis{AKDthese,
author={A. Kamta-Djakou},
title={Modélisation des effets de diffraction pour le calcul des échos de géométrie en CND par ultrasons},
school={Universit{é} du Maine},
year={2016}
}

@book{POoptics,
author = {Baker, B. B. and Copson, E. T.},
title={The Mathematical Theory of {H}uygens' Principle},
year={1950},
publisher={Oxford University Press}
}

@article{POLewis,
author={Lewis, R. M.},
title={Physical optics inverse diffraction},
journal={Antennas and Propagation, IEEE Transactions on Antennas and Propagation},
year={1969},
pages={308-314},
volume={17},
number={3}
}

@techreport{POtechreport,
author={Bowman, J. J and Senior, T. B. and Uslenghi, P.L.},
title={Electromagnetic and acoustic scattering by simple shapes},
year={1970},
institution={DTIC}
}

@techreport{POChapman,
author={Chapman, R. K.},
title={Ultrasonic scattering from smooth flat cracks : an elastodynamic {K}irchhoff theory},
year={1982},
institution={North western Region NDT Applications Center}
}

@article{Dorval,
author={Dorval, V. and Chatillon, S. and Lu, B. and Darmon, M. and Mahaut, S.},
title={A general {K}irchhoff approximation for echo simulation in ultrasonic {NDT}},
journal={AIP Conference Proceedings-American Institute of Physics},
year={2012},
volume={143}
}

@book{Schmerr,
author={Schmerr, L. and Song, S.-J.},
title={Ultrasonic nondestructive evaluation systems},
year={2007},
publisher={Springer}
}

@article{systmodel,
author={Darmon, M. and Dorval, V. and Kamta-Djakou, A. and Fradkin, L. J. and Chatillon, S.},
title={A system model for ultrasonic {NDT} based on the Physical Theory of Diffraction ({PTD})},
journal={Ultrasonics},
year={2016},
pages={115-127},
volume={64}
}

@article{FradkinDarmon,
author={Fradkin, L. J. and Darmon, M. and Chatillon, S. and Calmon, P.},
title={A semi-numerical model for near-critical angle scattering},
journal={Journal of the Acoustical Society of America},
year={2016},
pages={115-127},
volume={139},
number={1}
}

@article{LeeDeschamps,
title={A Uniform Asymptotic Theory of Electro-magnetic Diffraction by a Curved Wedge},
author={Lee, S.-W. and Deschamps, G. A.},
year={1976},
journal={IEEE Transactions on Antennas and Propagation},
pages={25-34},
volume={24},
number={1}
}

@article{Ahluwalia,
author={Ahluwalia,D.},
title={Uniform Asymptotic Theory of Diffraction by the Edge of a Three-Dimensional Body},
journal={SIAM Journal on Applied Mathematics},
volume={18},
number={2},
pages={287-301},
year={1970}
}

@article{Debye,
author={Debye,P.},
title={Näherungsformeln für die Zylinderfunktionen für grosse Werte des Arguments und unbeschränkt veranderliche Werte des Index},
journal={Mathematische Annalen},
year={1909},
volume={67},
pages={535-558}
}

@book{Riemann,
author={Riemann,B.},
title={Mathematische Werke},
publisher={Dover},
year={1953}
}

@unpublished{RiemannUnpub,
author={Riemann, B.},
title={Sullo svolgimento del quoziente di due serie ipergeometriche in frazione continua infinita},
note={},
year={1863}
}

@incollection{Encycl,
author={Fedoryuk, M.V.},
title={Saddle point method},
booktitle={Encyclopedia of Mathematics},
year={1977},
url={http://www.encyclopediaofmath.org/index.php?title=Saddle_point_method&oldid=14602}
}

@incollection{Darmonspec,
author={Darmon, M. and Leymarie, N. and Chatillon, S. and Mahaut, S.},
title={Modelling of scattering of ultrasounds by flaws for {NDT}},
booktitle={UltrasonicWave Propagation in Non Homogeneous Media},
year={2009},
publisher={Springer Proceedings in Physics}
}

@book{BudaevBook,
title={Diffraction by Wedges},
author={Budaev, B. V.},
year={1995},
publisher={Longman Scientific \& Technical ; Wiley}
}

@article{Budaev1,
author={Budaev, B. V.},
title={Diffraction of elastic waves by a free wedge. Reduction to a singular integral equation},
year={1991},
journal={Journal of Soviet Mathematics},
volume={57},
number={3},
pages={3087-3092}
}

@article{Budaev2,
author={Budaev, B. V.},
title={Elastic wave diffraction by a wedge-shaped inclusion},
journal={Journal of Mathematical Sciences},
year={1995},
volume={73},
number={3},
pages={330-341}
}

@article{Lax,
author={Lax, M.},
title={Multiple scattering of waves II. The effective field in dense systems},
journal={Physical Review},
volume={85},
year={1952},
pages={621-629},
number={4}
}

@article{PTDdarmon,
title = "A system model for ultrasonic {NDT} based on the {P}hysical {T}heory of {D}iffraction ({PTD})",
journal = "Ultrasonics",
volume = "64",
pages = "115 - 127",
year = "2016",
author = "M. Darmon and V. Dorval and A. Kamta Djakou and L. Fradkin and S. Chatillon",
}

@article{Fradkinelliptic,
title={The high-frequency description of scatter of a plane compressional wave
by an elliptic crack},
author={L. J. Fradkin and R. Stacey},
journal={Ultrasonics},
volume={50},
year={2010},
pages={529-538},
}

@inproceedings{imperiale_ut_2016,
	title = {{UT} simulation of embedded parametric defects using a hybrid model based upon spectral finite element and domain decomposition methods},
	booktitle = {19th {World} {Conference} on {Non}-{Destructive} {Testing}},
	author = {Imperiale, A. and Chatillon, S. and Calmon, P. and Leymarie, N. and Imperiale, S. and Demaldent, E.},
	year = {2016}
}

@inproceedings{imperiale_ut_2017,
	title = {{UT} {Simulation} using a fully automated 3D hybrid model: application to planar backwall breaking defects inspection},
	booktitle = {44th {Review} of {Progress} in {Quantitative} {Nondestructive} {Evaluation}},
	author = {Imperiale, A. and Chatillon, S. and Darmon, M. and Leymarie, N. and Demaldent, E.},
	year = {2017}
}

@article{article,
title = "The spectral functions method for acoustic wave diffraction by a stress-free wedge : theory and validation",
journal = "Journal of  Computational Physics",
author = "S. Chehade and A. Kamta-Djakou and M. Darmon and G. Lebeau",
year = "2018",
URL={https://doi.org/10.1016/j.jcp.2018.10.040},
}

@article{ChapmanBurch,
author = {Chapman, R. K. and Burch, S. F. and Colett, N. J. and Fradkin, L. J.},
year = {2008},
month = {02},
pages = {66-69},
title = {Ultrasonic inspection of tilted defects using the ‘corner effect’ – modelling and experimental validation},
volume = {50},
journal = {Insight - Non-Destructive Testing and Condition Monitoring}
}

@article{Budaev,
title={Diffraction of elastic waves by a free wedge. Reduction to a singular integral equation},
author={Budaev, B. V.},
year={1991},
journal={Journal of Soviet Mathematics},
volume={57},
pages={3087-3092},
number={3},
URL= {http://link.springer.com/10.1007/BF01098973}
}

@article{BudaevInclusion,
title={Elastic wave diffraction by a wedge-shaped inclusion},
author={Budaev, B. V.},
year={1995},
journal={Journal of Mathematical Sciences},
volume={73},
number={3},
pages={330-341},
URL={http://link.springer.com/10.1007/BF02362817}
}

@book{Borovikov,
author={Borovikov, V. A.},
title={Uniform Stationary Phase method},
year={1994},
publisher={Institution of electrical engineers}
}

@article{KamotskiCrit,
author={Kamotski, V. V.},
title={The incidence of the plane wave on an elastic wedge at a critical angle},
journal={St. Petersburg Math. Journal},
volume={15},
pages={419-436},
year={2004},
number={3},
}

@article{Carslaw,
author={Carslaw, H. S.},
title={Diffraction of Waves by a Wedge of any Angle},
journal={Proceedings of the London Mathematical Society},
year={1920},
volume={s2-18},
number={1},
pages={291-306},
}

@techreport{Rawlins,
author={Rawlins, A. D.},
title={Spherical wave diffraction by a rational wedge},
year={1986},
institution={Department of Mathematics and Statistics, {B}runel University},
}

@article{Rojas,
author={Rojas, R. G.},
title={Electromagnetic diffraction of an obliquely incident plane wave field by a wedge with impedance faces},
journal={IEEE Transactions on Antennas and Propagation},
year={1988},
volume={36},
number={7},
pages={956-970},
}

@article{Bernard,
author={Bernard, J.-M.},
title={On the diffraction of an electromagnetic skew incident wave by a non perfectly conducting wedge},
journal={Annales Des Télécommunications},
year={1990},
volume={45},
number={1-2},
pages={30-39},
}

@article{Daniele,
author={Daniele, V.},
title={The {W}iener-{H}opf Technique for Impenetrable Wedges Having Arbitrary Aperture Angle},
journal={{SIAM} Journal on Applied Mathematics},
year={2003},
volume={63},
number={3},
pages={1442-14460},
}

@article{DanieleLombardi,
author={Daniele, V. G. and Lombardi, G.},
title={{W}iener-{H}opf Solution for Impenetrable Wedges at Skew Incidence},
journal={IEEE Transactions on Antennas and Propagation},
year={2006},
volume={54},
number={9},
pages={2472-2485},
}

@article{Zernovcrit,
author={Zernov,V. and Fradkin, L. and Gautesen, A. and Darmon, M. and Calmon, P.},
title={Wedge diffraction of a critically incident Gaussian beam},
journal={Wave Motion},
volume={50},
number={4},
year={2013},
pages={708-722},
}